@misc{simmonsduffin2016tasilecturesconformalbootstrap,
      title={TASI Lectures on the Conformal Bootstrap}, 
      author={David Simmons-Duffin},
      year={2016},
      eprint={1602.07982},
      archivePrefix={arXiv},
      primaryClass={hep-th},
      url={https://arxiv.org/abs/1602.07982}, 
}
@book{DiFrancesco:1997nk,
    author = "Di Francesco, P. and Mathieu, P. and Senechal, D.",
    title = "{Conformal Field Theory}",
    doi = "10.1007/978-1-4612-2256-9",
    isbn = "978-0-387-94785-3, 978-1-4612-7475-9",
    publisher = "Springer-Verlag",
    address = "New York",
    series = "Graduate Texts in Contemporary Physics",
    year = "1997"
}
@book{Carroll_2019, place={Cambridge}, title={Spacetime and Geometry: An Introduction to General Relativity}, publisher={Cambridge University Press}, author={Carroll, Sean M.}, year={2019}} <div></div>